@webpage{addition,
	keywords = {Addition},
	month = {12},
	title = {Addition},
	url = {http://en.wikipedia.org/wiki/Addition},
	year = {2022}}

@webpage{subtraction,
	keywords = {Subtraction},
	month = {11},
	url = {http://en.wikipedia.org/wiki/Subtraction},
	year = {2022}}

@webpage{division,
	keywords = {Divison},
	month = {11},
	url = {http://en.wikipedia.org/wiki/Division_(mathematics)},
	year = {2022}}